3242 5070
723 411 822 481 28

721 617 1096 688 sententiam
1130 615 1350 709 illam,
1388 620 1484 687 eia
1523 617 1737 708 potius
1785 615 1982 685 invito
2022 619 2283 688 auctore
2319 624 2566 712 negant
2598 639 2785 711 quam

720 753 1085 825 affirmant.'

872 890 1362 960 Lithanthraces
1414 890 1566 960 olim
1616 890 1849 958 molles
1901 896 1967 960 et
2015 892 2243 960 fluidos
2297 890 2519 986 fuisse,
2573 898 2818 982 potis-f

718 1031 942 1098 simum
986 1030 1290 1118 probatur
1338 1028 1452 1096 illa
1504 1048 1727 1096 eorum
1769 1026 2021 1120 indole,
2073 1032 2299 1120 quippe
2355 1052 2541 1118 quum
2595 1028 2785 1098 fracti

714 1166 1110 1256 superficiem
1158 1184 1312 1254 prae
1362 1184 1438 1232 se
1486 1162 1697 1232 ferant
1747 1164 2027 1232 conchae
2078 1168 2391 1234 similem:
2451 1166 2621 1234 unde
2663 1168 2783 1234 viri

714 1302 882 1372 docti
946 1308 1010 1372 et
1062 1300 1300 1370 indocti·
1352 1301 1544 1368 etiam
1594 1322 1759 1370 nunc
1815 1302 2185 1390 saepissime
2235 1308 2781 1394 argumentantur,

714 1460 828 1508 eos
878 1460 1006 1508 non
1056 1438 1180 1506 nisi
1228 1438 1392 1530 ligni
1442 1438 1580 1506 sive
1618 1438 1917 1506 arborum
1957 1440 2165 1528 potius
2203 1438 2569 1532 fragmenta
2610 1460 2781 1532 esse,

713 1598 976 1666 quorum
1040 1576 1144 1664 qui
1195 1572 1478 1644 fasciculi
1528 1576 1727 1666 lignei
1783 1576 1943 1666 sint,
2023 1596 2245 1644 eorum
2297 1578 2567 1646 circulos
2615 1597 2779 1646 con·-

714 1714 1028 1782 centricos
1106 1712 1268 1780 bene
1340 1714 1707 1808 conspicere
1783 1712 1991 1780 liceat.
2095 1712 2185 1782 Et
2261 1734 2335 1782 re
2398 1734 2557 1782 vera
2619 1712 2783 1780 hanc

710 1870 854 1920 cum
932 1850 1112 1940 ligno
1174 1848 1640 1916 similitudinem
1705 1868 1833 1916 non
1883 1870 2035 1918 raro
2095 1852 2329 1916 tantam
2381 1852 2635 1940 inveni,
2709 1852 2779 1916 ut

712 2007 792 2056 ea
852 1986 1096 2076 pluries
1158 2006 1260 2052 me
1322 1986 1526 2076 ipsum
1576 1984 1871 2078 falleret,
1937 1988 2125 2074 atque
2171 1990 2497 2078 moveret,
2573 1990 2643 2056 ut
2693 2004 2777 2054 ex

708 2120 1228 2190 lithanthracibus
1320 2120 1634 2210 ejusmodi
1729 2125 1881 2212 apte
1951 2124 2353 2212 praeparatis
2433 2124 2777 2216 organicae

706 2216 982 2348 vestigia
1038 2262 1398 2328 structurae
1450 2258 1636 2326 oculo
1691 2262 1935 2326 armato
1979 2296 2073 2308 -—
2131 2280 2503 2350 quamquam
2555 2260 2775 2328 irritus

708 2423 802 2442 —··
858 2396 1194 2482 exquirere
1244 2414 1536 2464 conarer.

848 2531 1059 2601 Haec
1098 2535 1316 2601 autem
1388 2531 1875 2601 lithanthracum
1937 2533 2185 2603 indoles
2207 2581 2227 2617 ,
2315 2533 2397 2601 de
2461 2553 2585 2621 qua
2639 2537 2773 2619 jam

702 2667 872 2761 dixi,
936 2667 1336 2739 solummodo
1386 2669 1454 2735 in
1506 2689 1586 2737 eo
1636 2673 1849 2759 posita
1887 2675 2021 2761 est,
2077 2669 2243 2759 quod
2295 2671 2571 2761 plurima
2609 2689 2771 2757 quae

698 2813 894 2875 antea
948 2803 1142 2873 fluida
1220 2811 1402 2873 erant
1478 2829 1795 2899 corpora,
1875 2809 1982 2875 ubi
2045 2807 2251 2875 solida
2311 2809 2517 2875 subito
2583 2827 2769 2875 rum-

698 2947 932 3033 puntur
946 2989 968 3033 9
1046 2945 1296 3011 omnino
1350 2943 1747 3033 superficiem
1807 2943 2237 3013 demonstrant
2299 2965 2481 3035 quam
2533 2943 2769 3033 appel-

698 3079 906 3145 lamus
948 3077 1226 3147 conchae
1260 3079 1550 3147 similem.
1654 3079 1825 3149 Rem
1861 3081 1949 3147 ita
1989 3101 2135 3149 sese
2175 3081 2449 3171 habere,
2493 3079 2767 3147 demon-

612 3205 614 3211 ’
698 3217 892 3283 utrari
945 3219 1156 3304 potest
1206 3216 1482 3305 exempli
1530 3219 1745 3309 gratia
1813 3217 2099 3287 omnibus
2163 3237 2323 3305 quae
2375 3215 2459 3283 ad
2511 3215 2767 3283 resina-

694 3373 836 3421 rum
884 3351 1158 3421 classem
1208 3353 1526 3441 pertinent
1576 3357 1985 3447 corporibuS,
2041 3355 2271 3443 quippe
2321 3373 2505 3443 cera,
2559 3351 2765 3420 silici-

692 3491 812 3557 bus
864 3509 1020 3579 quos
1070 3489 1320 3579 pyr-itas
1370 3495 1636 3583 vocant,
1719 3489 2045 3559 obsidiano
2063 3535 2087 3581 ‚
2163 3489 2331 3557 vitro
2387 3493 2453 3557 et
2507 3489 2765 3577 reliquis

692 3627 836 3695 aliis
849 3651 872 3717 3
950 3627 1096 3715 quin
1158 3627 1302 3693 imo
1380 3627 1747 3717 compositis
1821 3627 2227 3695 mineralibus
2251 3673 2275 3719 9
2353 3647 2515 3715 quae
2581 3629 2763 3715 petra

696 3891 872 3945 Masso
890 3931 908 3957 ‚
964 3907 1168 3945 woraus
1202 3889 1579 3945 ·Kohlenfl5tze
1618 3893 1923 3945 enatandeu
1943 3929 1959 3961 ,
2019 3893 2125 3945 nie
2177 3891 2363 3959 fliiuig
2409 3889 2475 3943 im
2515 3895 2757 3959 strengen

696 3977 964 4031 Wortzinn
1000 3995 1138 4043 war,
1174 3977 1326 4031 dafflr
1358 3979 1530 4031 liefert
1560 3977 1656 4031 das
1691 3981 1965 4033 Austreten
2003 3979 2097 4032 der
2133 3979 2337 4031 Facer-
2375 3977 2501 4031 oder
2531 3977 2757 4031 minera-

694 4061 890 4117 lischen
924 4063 1212 4119 Holzkohle
1246 4063 1364 4119 sehr
1400 4063 1719 4135 sprechcnde
1759 4065 2043 4121 Beweise’2
2079 4083 2131 4121 u.
2161 4081 2205 4121 a.
2227 4083 2293 4117 w·
