3242 5070
700 388 802 459 80

700 597 922 686 pertus
981 590 1301 664 interdum
1314 593 1719 687 zon-ganiman
1771 596 1835 663 in
1856 594 2376 667 -·.litha·nth1·acum
2423 593 2763 687 fragmen-

698 733 784 801 tis
841 731 1241 820 conspicuam
1316 734 1698 800 struomram
1776 751 1851 799 se
1924 730 2482 805 animadvertisse·
2526 730 2761 822 dieunt,

702 876 915 940 tamen
963 867 1120 936 mihi
1170 868 1341 936 omni
1389 877 1590 957 opera
1620 869 1975 962 impensa,
2012 873 2086 938 ut
2134 867 2466 959 talesquid
2503 870 2762 941 inveni-

704 972 840 1074 rem
862 1054 884 1098 ,
960 1026 1276 1092 nunquam
1328 996 1719 1096 contigit*).
1821 1006 2349 1098 Lithanthraccs,
2427 1008 2493 1072 in
2543 1006 2765 1092 quihus

700 1144 840 1234 ipse
892 1140 1200 1232 detegere
1250 1144 1426 1232 potui
1484 1144 1847 1233 organicam
1901 1148 2283 1214 structuram
2335 1144 2759 1232 conspicuam,

702 1282 930 1368 quippe
1006 1278 1272 1348 cellulas
1344 1276 1516 1346 haud
1588 1278 1761 1346 male
1839 1278 2351 1370 distinguendaS,
2431 1280 2477 1347 ii
2543 1300 2763 1348 omnes

700 1414 956 1484 fuerunt
1020 1412 1102 1480 de
1176 1434 1420 1506 genere
1496 1414 1612 1482 illo
1668 1414 2153 1484 lithanthracum
2169 1464 2191 1508 ,
2275 1436 2431 1504 quos
2501 1416 2761 1484 dicimus

701 1600 752 1644 „
768 1550 1208 1618 mineralische
1246 1548 1684 1620 Holzkohle”
1741 1552 1879 1620 sive
1917 1552 2495 1644 „Faserkoh10223
2547 1554 2593 1620 ii
2621 1557 2759 1640 jam

702 1692 906 1780 primo
958 1686 1264 1778 adspectu
1302 1686 1572 1756 formam
1624 1708 1785 1776 prae
1833 1708 1907 1754 se
1943 1690 2227 1758 tulerunt
2267 1688 2597 1776 quamdam
2639 1710 2759 1756 or-

698 1828 1044 1918 ganicam,.
1066 1826 1342 1890 maxime
1378 1820 1837 1894 Galamitarum
1865 1820 2021 1916 (ῆς
2075 1828 2117 1892 ii
2155 1824 2437 1902 chemica
2475 1826 2543 1892 in
2579 1844 2761 1894 usum

700 1968 930 2032 vocata
992 1960 1426 2048 disquisitione
1498 1980 1721 2030 omnes
1787 1962 2015 2050 repleti
2093 1966 2523 2051 apparuerunt
2585 1960 2761 2030 ferro

698 2100 1076 2190 sulphurato
1130 2060 1312 2188 (ὅθ)
1329 2144 1352 2188 ,
1430 2097 1596 2186 quod
1660 2120 1781 2188 per
1839 2103 2039 2168 totam
2093 2098 2527 2168 lithanthracis
2577 2120 2761 2164 mas-

700 2258 840 2304 sam
888 2236 979 2304 ita
1030 2234 1500 2310 disseminatum
1548 2236 1757 2304 visum
1811 2243 1945 2326 est,
2005 2240 2075 2304 ut
2127 2236 2309 2306 oculo
2363 2234 2761 2304 solummodo

702 2372 978 2440 maxime
1052 2376 1294 2438 armato
1372 2370 1684 2440 interdum
1747 2374 2024 2461 conspici
2093 2376 2355 2463 possent
2415 2372 2763 2463 particulae
2812 2429 2815 2432 ,

700 2515 842 2597 eJus
896 2507 1194 2599 singulae
1244 2527 1616 2597 quamquam
1666 2509 1983 2577 minimae.
2087 2509 2395 2579 Ceterum
2443 2507 2567 2577 hoc
2617 2507 2763 2575 fer-

696 2669 836 2716 rum
888 2643 1330 2735 sulphuratum
1376 2665 1632 2713 causam
1682 2643 1885 2715 fuisse
1941 2645 2213 2715 vidimus
2227 2691 2251 2737 ,
2303 2643 2469 2733 quod
2507 2643 2763 2735 plantae

694 2783 1152 2873 decompositio
1190 2783 1338 2849 talis
1386 2779 1620 2875 fuerit,
1670 2803 1881 2871 neque·
1921 2787 2135 2851 tamen
2187 2783 2393 2849 omnis
2429 2781 2762 2849 evanuerit

691 2921 946 2987 habitus
1000 2921 1378 3010 organicus,
1433 2917 1514 2987 tle
1566 2939 1688 3007 qua
1739 2941 1815 2987 re
1855 2921 1985 2987 alio
2037 2921 2181 2991 loco
2233 2921 2493 2987 uberius
2547 2917 2761 2985 disse-

696 3075 844 3123 rere
892 3055 1044 3123 mihi
1091 3055 1486 3145 propositum
1535 3059 1658 3123 est.

848 3193 1068 3281 Itaque
1132 3211 1216 3265 ex
1259 3193 1356 3261 -iis
1372 3237 1396 3283 ,
1474 3211 1650 3281 quae
1701 3189 2169 3283 demonstravi,
2247 3191 2401 3259 satis
2465 3189 2759 3281 elucebit,

696 3329 1154 3402 lithanthraces
1192 3349 1232 3401 e
1256 3329 1492 3419 plantis
1544 3333 1721 3399 ortos
1745 3390 1749 3399 .
1769 3349 1945 3421 csse,
1985 3331 2365 3419 ¹plantarum
2407 3325 2759 3417 decompo-

694 3467 988 3539 sitionem
1018 3465 1222 3537 fuisse
1258 3467 1678 3559 singularem,
1719 3487 1841 3555 qua
1875 3465 2045 3535 facta
2087 3481 2335 3533 omnem
2373 3463 2759 3533 lithanthra-

694 3625 838 3675 cnm
866 3624 1142 3675 massam
1155 3603 1424 3673 mollem
1450 3605 1682 3671 abiisse
1709 3607 1775 3671 et
1791 3601 2077 3693 fluidam,
2093 3605 2473 3671 structuram
2497 3601 2759 3691 plantae

698 3745 1064 3835 organicam
1102 3743 1166 3807 in
1204 3741 1400 3809 meris
1438 3737 1957 3811 lithanthracibus
1991 3759 2117 3809 non
2145 3759 2289 3807 esse
2329 3739 2755 3829 conspicuam.

700 4010 704 4018 Ι
737 4009 740 4012 Δ
834 4040 890 4108 *)
925 4037 1184 4109 Geologie
1222 4054 1344 4109 pag.
1380 3997 1518 4093 189s
1623 4010 1627 4015 .
1691 3999 1695 4008 ¹
1749 4005 1752 4012 »
