3242 5070
2497 418 2589 489 17
2689 391 2744 431 ³

514 623 727 694 subtili
760 622 895 691 tela
945 619 1259 690 cellulosa
1273 665 1296 711 ‚
1349 618 1468 687 sed
1518 619 1712 687 etiam
1760 638 2180 688 cavernarum
2231 620 2339 690 vel
2388 642 2590 691 cana-

515 761 671 829 lium
723 759 978 827 illarum
1031 777 1197 847 quae
1249 774 1368 847 por
1418 754 1883 847 longitudinem
1929 755 2271 825 decurrunt
2310 762 2590 849 parietes

512 896 684 966 circa
736 896 1107 966 interiorem
1160 898 1224 962 et
1276 895 1667 962 exteriorem
1716 894 1920 961 caulis
1973 892 2407 988 superficiem,
2484 899 2589 966 ubi

514 1042 651 1102 non
700 1034 854 1100 satis
923 1030 1113 1100 solidi
1187 1027 1483 1121 fuerant,
1550 1027 1734 1097 fracti
1791 1034 1974 1123 sunt,
2059 1029 2230 1099 unde
2293 1039 2439 1103 orta
2492 1040 2591 1103 est

512 1187 768 1236 massae
817 1187 1171 1237 arenaceae
1219 1166 1329 1235 vel
1378 1166 1749 1257 arginusae·
1782 1165 1881 1233 h'm
1929 1168 1997 1235 in
2045 1168 2375 1237 canalibus
2423 1191 2589 1239 con-

510 1309 730 1374 tentae
812 1304 1298 1375 communicatio
1375 1323 1519 1371 cum
1593 1302 1710 1370 illa
1723 1349 1747 1395 ,
1838 1306 1903 1371 et
1978 1323 2141 1392 quae
2214 1305 2592 1411 expleverat

512 1440 852 1517 cavernam
902 1439 1176 1509 mediam
1189 1486 1214 1532 ‚
1267 1444 1333 1507 et
1370 1459 1531 1529 quae
1572 1437 2081 1509 circumdederat
2129 1445 2195 1511 et
2233 1443 2593 1513 involverat

512 1578 789 1647 caulem.

666 1710 930 1806 Omnia,
1009 1733 1175 1803 quae
1246 1712 1328 1782 de
1404 1713 1896 1802 compressionis
1965 1714 2288 1782 verticalis
2361 1718 2593 1790 effectu

513 1852 810 1920 enarravi
825 1896 847 1932 ‚
921 1850 1335 1940 comprobata
1407 1853 1555 1917 sunt
1617 1849 1874 1917 tabulis.
1979 1846 2206 1919 caulis
2273 1856 2592 1924 sectiones

513 1985 821 2057 rotundas
882 1987 1077 2077 plane
1135 1988 1425 2077 integras
1476 1984 1750 2054 vidimus
1808 1986 1977 2054 Ταῦ.
2016 1975 2086 2078 I,
2145 1986 2315 2056 Ταῦ.
2345 1989 2418 2078 Π,
2474 1990 2591 2083 fig.

517 2123 556 2190 1
615 2127 680 2191 et
733 2123 778 2190 2
799 2169 822 2215 ‚
889 2122 1057 2201 Ταῦ.
1095 2121 1191 2189 ΠΙ
1243 2119 1357 2212 fig.
1404 2119 1453 2188 8
1480 2142 1502 2186 ε
1578 2120 2005 2211 Epidermidis
2056 2123 2327 2192 avulsae
2373 2131 2593 2215 partes

512 2259 679 2326 Ταῦ.
725 2258 759 2326 1
805 2257 873 2351 f,
943 2259 1108 2326 Ταῦ.
1149 2257 1214 2325 Π
1258 2255 1556 2349 fig.1f‚
1607 2256 1721 2348 fig.
1759 2257 1803 2324 2
1846 2255 1910 2348 f,
1964 2257 2129 2326 Ταῦ.
2170 2257 2267 2328 ΠΙ
2303 2259 2591 2353 fig.sz

488 2392 876 2485 NOuticulam
916 2397 1232 2465 internam
1273 2398 1640 2485 separatam
1680 2394 1848 2462 Ταῦ·.
1874 2393 1939 2461 11
1962 2394 2077 2485 fig.
2112 2394 2150 2461 1
2184 2418 2270 2487 gt
2325 2395 2592 2468 caver...

513 2551 630 2602 nas
683 2532 819 2600 sive
883 2532 1147 2618 canales
1209 2537 1429 2622 ruptas
1480 2531 1648 2604 Ταῦ.
1702 2530 1736 2599 1
1774 2554 1845 2624 c,
1913 2531 2078 2600 Ταῦ.
2113 2531 2219 2602 111
2275 2534 2388 2627 fig.
2433 2535 2482 2605 8
2520 2560 2593 2631 c3

513 2687 721 2758 neque
771 2667 989 2737 oeulis„
1033 2666 1634 2758 praetermittendae
1695 2672 1841 2735 sunt
1900 2670 2162 2735 canales
2213 2691 2333 2738 eae
2346 2719 2368 2762 ‚
2438 2694 2595 2763 quas

514 2805 876 2875 notavimus
915 2795 1014 2873 c*
1048 2804 1214 2872 Ταῦ.
1244 2803 1321 2896 1,·
1371 2779 1517 2893 quia
1568 2801 1719 2870 inde
1768 2806 1877 2872 vel
1928 2805 2207 2874 maxime
2256 2809 2592 2901 probatur,

516 2941 773 3009 canales
805 2941 1010 3033 illas,
1088 2942 1570 3030 compressione
1623 2940 1911 3016 verticuli
1974 2942 2063 3007 ita
2129 2939 2406 3012 adhibita
2420 2990 2443 3034 ,
2524 2949 2596 3013 ut

515 3081 996 3168 rumperentur,
1063 3079 1231 3145 circa
1304 3076 1475 3145 latus
1554 3077 1839 3152 exterius
1905 3078 2209 3166 imprimis
2270 3079 2593 3169 proclives

468 3188 473 3197 ’
515 3211 741 3283 fuisse.
845 3212 953 3282 Ea
994 3215 1186 3282 limus
1232 3216 1323 3290 fin
1360 3261 1365 3266 -
1396 3213 1720 3280 canalibus
1761 3213 1906 3279 *illis
1960 3217 2330 3307 contentus,
2351 3263 2363 3286 „
2408 3238 2596 3305 quum

516 3348 782 3440 flueret,
848 3365 1201 3440 expressus
1255 3367 1404 3418 esse
1454 3348 1596 3416 sive
1646 3349 2125 3437 compressione
2176 3348 2346 3418 facta
2397 3351 2595 3421 efflu-

519 3486 695 3554 xisse
778 3484 1054 3555 videtur.
1146 3481 1401 3566 ‚Simile
1476 3481 1624 3572 quid
1701 3483 1891 3549 etiam
1971 3483 2311 3553 observari
2385 3491 2598 3577 potest

520 3616 737 3712 (Ταῦ.
780 3620 845 3688 11
893 3620 1007 3714 fig.
1065 3621 1104 3688 l
1151 3642 1199 3688 x
1239 3616 1339 3712 x)
1390 3621 1576 3688 circa
1655 3623 1987 3689 externam
2065 3621 2267 3689 caulis
2341 3620 2594 3716 faciem,

518 3758 748 3846 quippe
797 3721 959 3845 quae
1007 3759 1294 3825 lacerata
1344 3761 1615 3846 apparet
1655 3757 2056 3843 subjacentes
2106 3778 2335 3862 versus
2349 3806 2373 3852 9
2427 3781 2596 3849 qua-

518 3912 685 3960 rum·
724 3895 1109 3962 „exteriores
1168 3895 1451 3982 parietes
1519 3893 1689 3981 rupti
1752 3897 1932 3983 sunt,
2012 3893 2305 3985 canales3
2400 3899 2599 3965 striae

600 4019 605 4026 ’
2133 4028 2177 4095 2
