3242 5070
2470 440 2565 511 19

499 647 704 719 nimis
787 644 1171 741 compressi,
1251 661 1331 710 eo
1394 643 1672 719 crassior
1740 642 1911 715 facta
1976 646 2076 713 est
2137 642 2375 713 lamina
2451 645 2565 713 illa

500 781 1018 855 lithanthrocaria
1032 826 1057 872 ‚
1109 794 1271 869 quoio
1324 798 1369 847 e
1414 780 1735 855 contrario
1772 780 2023 853 tenuior
2061 777 2231 850 facta
2272 787 2564 874 apparet,

499 938 619 1006 quo
650 919 1021 993 tenuiores,
1082 914 1337 992 fuerant
1409 917 1609 987 caulis
1670 919 2002 1008 parictes
2024 920 2092 984 et
2154 937 2279 1005 quo
2357 921 2568 1031 magis

498 1055 869 1144 compressi.
926 1126 931 1131 ,
2156 1024 2160 1026 ⁷

562 1204 571 1213 ·
641 1190 940 1265 Attamen
1004 1189 1300 1279 exempla
1374 1189 1650 1259 caulium
1720 1192 1908 1285 illa‚·
1950 1213 2130 1283 quae.
2186 1193 2251 1259 in
2326 1195 2565 1261 nauseis

498 1331 830 1397 reservata
876 1324 1203 1419 videnum,
1254 1342 1396 1399 non
1454 1327 1543 1396 ita
1594 1333 1742 1399 sunt
1789 1333 2192 1421 comparata,
2244 1333 2317 1401 ut
2361 1330 2565 1399 lami-

499 1485 665 1556 nae,
737 1462 821 1535 de
874 1483 996 1553 qua
1048 1461 1218 1555 dixi,
1294 1462 1546 1539 habitus
1607 1471 1676 1536 et
1747 1484 1910 1536 vera
1984 1464 2244 1547 indoles,
2294 1465 2568 1558 intelligi

499 1602 737 1691 possit3
788 1619 935 1668 nam
977 1601 1273 1690 exempla
1323 1619 1402 1666 ea
1451 1603 1691 1672 cortice
1736 1601 2259 1677 lithanthracario
2311 1605 2567 1672 omnino

507 1736 805 1805 destituta
859 1756 1005 1804 esse
1056 1734 1388 1827 videntur,
1440 1741 1783 1826 propterea
1835 1736 2002 1826 quod
2050 1736 2350 1807 cohaesio
2403 1741 2567 1807 inter

506 1874 805 1940 laminam
878 1872 1461 1940 lithanthracarIam
1541 1876 1606 1940 et
1685 1892 1845 1962 quae
1921 1871 2175 1961 adjacet
2248 1873 2568 1964 lapideam

502 2030 782 2078 massam
845 2009 993 2078 talis
1049 2013 1181 2101 est,
1259 2012 1330 2076 ut
1343 2055 1366 2099 ,
1450 2029 1611 2097 quae
1681 2009 1898 2099 explet
1967 2029 2309 2078 cavernam
2366 2014 2569 2080 caulis

504 2145 777 2214 mediam
850 2165 1101 2237 massa,
1164 2142 1417 2212 facilius
1480 2146 1683 2234 possit
1740 2147 1833 2214 uti
1882 2145 2144 2212 nucleus
2197 2144 2477 2237 disjungi
2529 2168 2570 2213 a

504 2283 773 2373 lamina,
848 2302 1035 2370 quam
1093 2301 1256 2370 quae
1322 2262 1688 2348 externam
1719 2285 1860 2368 ejus
1924 2276 2154 2349 faciem
2208 2282 2572 2352 circumdat.

505 2418 861 2487 Reservari
936 2418 1102 2486 solet
1178 2418 1549 2507 plerumque
1606 2419 1908 2510 nucleus,
1988 2417 2105 2485 sed
2153 2414 2393 2488 fractus
2442 2441 2573 2488 una

508 2576 649 2626 cum
723 2554 936 2645 lapide
1002 2554 1390 2622 adhaerente
1452 2557 1677 2623 cortex
1741 2556 1947 2641 abjici.
2052 2554 2273 2642 Quare
2324 2557 2572 2626 irritum

510 2691 655 2783 quid
705 2692 818 2760 ille
870 2693 1165 2784 suscipit,
1233 2692 1336 2780 qui
1382 2689 1484 2755 his
1551 2692 1614 2757 in
1664 2679 1908 2758 nucleis
1967 2689 2137 2758 aliud
2190 2690 2333 2780 quid
2380 2694 2572 2760 inve-

508 2829 648 2897 nire
698 2834 762 2897 et
812 2793 1120 2918 detegere
1168 2828 1416 2917 cupiat,
1479 2827 1600 2893 nisi
1653 2830 1943 2916 ectypam
1990 2827 2321 2896 calamitici
2371 2830 2572 2897 caulis

508 2967 818 3033 internam
872 2959 1100 3032 faciem
1113 3010 1137 3056 9
1214 2937 1587 3053 quamquam
1647 2963 1927 3031 maxime
1983 2962 2272 3053 fidelem3
2351 2970 2576 3033 caveat

510 3100 659 3191 ille,
734 3120 818 3168 ne
883 3097 1066 3191 inde,
1145 3098 1315 3189 quod
1376 3102 1596 3167 attinet
1655 3098 1735 3166 ad
1781 3097 2063 3167 habitum
2114 3096 2577 3171 calamitatum

513 3240 878 3328 externum,
931 3239 1187 3305 nimium
1225 3236 1473 3326 probet.
1552 3235 1768 3304 Verae
1810 3233 2272 3306 Calamitarum
2307 3241 2578 3307 naturae

511 3374 938 3463 cognitionem
997 3375 1101 3462 qui
1153 3373 1271 3440 sibi
1329 3390 1561 3462 parare
1611 3373 1815 3461 cupit,
1896 3393 2059 3462 opus
2123 3375 2221 3438 est
2263 3375 2334 3439 ut
2388 3371 2577 3440 adeat

514 3509 690 3597 ipsas
740 3506 1025 3601 fodinas,
1101 3509 1208 3576 ubi
1272 3507 1464 3600 larga
1514 3509 1698 3598 copia
1747 3508 2225 3599 exemplorum,
2303 3527 2462 3596 quae
2513 3511 2577 3574 in

512 3644 753 3711 museis
820 3645 1148 3713 rarissime
1209 3649 1317 3713 aut
1380 3664 1697 3735 nunquam
1762 3647 2017 3734 extant,
2113 3647 2402 3734 aptorum
2467 3648 2576 3712 in-
2690 3723 2695 3727 ¹

510 3767 902 3849 veniuntur(

669 3913 975 3987 Ceterum
990 3963 1013 4009 ‚
1071 3935 1211 4007 cum
1262 3918 1537 3985 caulium
1594 3915 1891 4005 exempla
1907 3960 1931 4006 ,
2011 3914 2231 4003 quibus
2282 3912 2581 3986 Calami-

516 4056 724 4119 tarum
773 4056 1092 4124 structura
1142 4055 1390 4121 interna
1427 4057 1651 4143 aperte
1689 4050 2197 4145 demonstratur,
2257 4055 2583 4150 rarissime

2081 4186 2125 4255 2
2141 4194 2174 4239 *
2514 4184 2518 4189 ’
