3242 5070
2469 454 2674 524 412

576 704 581 709 .
621 668 682 714 Ὁ.
753 652 1026 710 Onerum
1056 652 1282 709 minores
1306 650 1840 721 ›sere-‘triangulam'
2023 704 2030 711 .

636 742 711 798 f..
755 737 1126 811 Epidermidis-
1147 737 1363 797 uulua
1394 738 1734 811 Gragi-enta
1747 780 1752 783 .
1790 748 1794 755 '
1821 760 1917 811 .;‘‚
1987 794 1990 803 ,

635 844 691 895 g.
762 825 1005 880 Cuticula
1035 825 1239 880 interna
1279 825 1480 882 avulsa.

634 929 688 968 x.
758 910 982 987 Canales
1012 911 1125 987 sive
1158 927 1414 966 cavernae
1439 911 1508 965 ad
1534 910 1905 987 longitudinem
1933 914 2150 981 ruptae,
2199 911 2276 977 ita
2314 920 2373 966 ut
2402 929 2574 967 massa

566 1002 569 1011 '
824 1006 1110 1064 ennacos,
1147 1013 1285 1067 quae
1319 1014 1411 1051 eas
1442 999 1653 1068 explet,
1694 998 1828 1051 bene
1861 992 2094 1067 conspici
2133 998 2316 1068 possit.
2385 998 2575 1070 Neque

651 1083 679 1113 '·
744 1108 785 1132 ,ι
827 1082 988 1138 oculis*
1036 1081 1553 1153 praetermittmdae
1576 1090 1699 1138 suut
1723 1081 1916 1136 striae.
1942 1082 2066 1136 illae
2099 1086 2380 1153 curvatae,
2433 1090 2575 1142 com·-

636 1232 643 1239 ,
775 1170 1093 1241 pressione
1130 1168 1391 1229 verticuli
1406 1170 1609 1233 famae·
1671 1206 1702 1231 2.
1747 1216 1753 1227 .
2181 1218 2188 1235 2
2549 1214 2572 1233 κ,

632 1282 805 1359 ἱ..ὶΕΊς
834 1279 896 1344 2.
980 1283 1251 1362 Ejusdem
1318 1282 1666 1344 colunnae
1681 1227 1873 1351 caulis
1936 1290 2284 1346 transverse
2324 1284 2573 1359 dissecti,

501 1402 669 1459 quem
707 1386 825 1462 jam
871 1386 931 1444 in
974 1385 1169 1445 tabula
1202 1384 1383 1464 prima
1426 1383 1822 1444 delineandum
1864 1384 2081 1463 curavi,
2123 1385 2375 1447 alterum
2415 1388 2576 1467 frag-

498 1488 767 1551 mentum.
850 1482 997 1547 Fere
1056 1472 1318 1563 undique
1370 1488 1657 1547 structura
1702 1487 1924 1546 interna
1976 1487 2163 1547 deleta
2202 1494 2322 1564 est,
2387 1490 2469 1550 ita
2509 1497 2577 1550 ut

497 1587 732 1647 circulus
794 1588 1148 1650 solummodo
1207 1590 1370 1668 niger
1428 1593 1705 1681 appareat
1724 1632 1741 1663 ,
1813 1608 2154 1668 quamquam
2206 1597 2267 1651 et
2312 1592 2463 1654 intra
2515 1599 2577 1654 et

500 1695 659 1749 extra
700 1691 988 1753 dentatus.

633 1806 673 1861 f.
761 1805 1100 1876 Epidermidis
1138 1806 1355 1860 avulsae
1393 1806 1699 1877 fragmenta.

634 1890 688 1947 h.
758 1891 1112 1946 Cavernarum
1146 1890 1392 1961 vestigia.

635 1975 672 2030 i.
765 1977 1020 2032 Vesorum
1062 1979 1271 2045 fasces,
1320 1977 1481 2032 caulis
1516 1974 1896 2048 compressione
1931 1976 2209 2047 irregulari
2247 1976 2398 2035 modo
2433 1979 2574 2038 luce-

829 2063 936 2119 rati
970 2070 1028 2118 et
1062 2063 1199 2118 inter
1232 2081 1291 2118 se
1327 2061 1587 2133 disjuncti.

1339 2256 1531 2327 'l'ab-
1607 2254 1728 2325 111.

664 2422 791 2502 mg.
835 2418 892 2484 1.
934 2421 1059 2502 Fig.
1100 2418 1162 2484 2.
1201 2420 1347 2508 mg..
1371 2418 1429 2483 3.
1470 2422 1597 2501 Fig.
1638 2416 1698 2483 4.
1775 2419 2033 2482 ΟοιιῙὶυιιι
2076 2422 2353 2482 sectiones
2393 2428 2580 2484 trans-

497 2544 692 2585 versae
735 2525 1136 2603 Equisetorum
1187 2515 1495 2602 variorum,
1555 2525 1750 2603 quales
1809 2525 1868 2584 in
1916 2531 2285 2606 conspectum
2326 2527 2580 2605 veniunt,

499 2627 597 2685 ubi
645 2619 863 2688 armato
915 2629 1075 2689 oculo
1121 2649 1218 2688 eas
1261 2629 1533 2708 adspicis:
1607 2649 1676 2689 ex
1716 2628 1823 2686 illis
1866 2625 2333 2686 delineationibus
2352 2669 2373 2705 ,
2436 2648 2579 2705 quas

500 2730 662 2789 dedit
723 2730 1058 2790 Bischoffius
1112 2732 1172 2789 in
1227 2749 1399 2809 opere
1449 2730 1655 2790 citato:
1726 2726 1836 2787 Die
1876 2728 2411 2807 kryptogamischen
2460 2732 2580 2791 Ge—

501 2831 721 2894 w’achse
761 2840 870 2896 etc.
885 2875 905 2908 ,
951 2835 1136 2892 factae
1173 2838 1329 2892 sunt.

668 2950 794 3029 Fig.
842 2947 901 3012 5.
986 2951 1179 3012 caulis
1221 2943 1511 3011 calamitici
1550 2954 1872 3008 transverse
1911 2947 2140 3007 dissecti
2182 2949 2579 3032 fragmentum,

504 3052 789 3112 verissima
843 3054 1056 3134 forma,
1119 3054 1340 3131 qualem
1398 3050 1673 3126 conjicere
1746 3049 1877 3109 licet
1942 3057 2330 3130 comparatum
2386 3053 2579 3132 fuisse,

503 3175 631 3213 cum
673 3155 804 3213 olim
847 3155 1079 3215 viveret.
1162 3153 1548 3214 Animadverti
1569 3158 1763 3232 potest
1790 3171 2151 3212 cavernarum
2191 3151 2279 3230 (et
2307 3155 2584 3232 majorum

507 3264 569 3315 et
609 3255 911 3337 minorum)
952 3256 1011 3314 in
1051 3256 1180 3336 ipso
1221 3254 1653 3334 parenchymate
1696 3255 1932 3315 sitarum
1978 3254 2188 3334 duplex
2228 3256 2398 3329 ordo;
2439 3260 2583 3317 cuti-

507 3355 634 3415 cula
686 3357 906 3417 interna
951 3363 1013 3416 et
1066 3358 1239 3419 caulis
1290 3357 1587 3435 epidermis
1607 3397 1629 3433 ,
1702 3355 1816 3416 tela
1868 3356 2131 3415 cellulosa
2181 3355 2324 3415 cauli
2381 3358 2579 3433 affixa3

507 3478 768 3518 vasorum
823 3459 1051 3518 fascium
1095 3459 1422 3538 dispositio,
1477 3475 1784 3532 eorumque
1823 3476 2106 3516 connexus
2146 3477 2274 3516 cum
2315 3459 2586 3520 dentibus

509 3561 725 3638 (striis,
771 3561 866 3620 ubi
911 3560 1082 3621 caulis
1122 3579 1226 3642 per
1266 3559 1677 3638 longitudinem
1720 3565 1854 3619 ante
1894 3556 2086 3619 oculos
2127 3560 2347 3637 positus
2381 3565 2520 3639 est).

676 3679 801 3757 Εἰς.
853 3675 917 3742 6.
1002 3679 1316 3740 Calamitae
1384 3679 1557 3738 caulis
1619 3679 1976 3738 vehementer
2041 3679 2350 3757 compressi
2407 3682 2584 3741 sectio

514 3788 849 3841 transversa.
936 3782 1265 3842 Structurae
1333 3781 1586 3840 internae
1607 3826 1629 3853 ‚
1696 3782 1958 3841 dentibus
2019 3781 2266 3860 exceptis
2288 3825 2307 3860 ‚
2373 3781 2585 3842 nullum

398 3914 402 3918 <
512 3884 809 3962 vestigium
870 3898 1147 3963 superest.
1233 3882 1398 3943 Talia
1450 3884 1705 3963 exempla
1745 3882 2068 3963 saepissime
2113 3883 2471 3944 inveniuntur
2512 3884 2587 3945 ab

513 4005 615 4064 eo,
658 3987 756 4062 qui
797 3993 992 4065 cavet,
1050 4006 1122 4048 ne
1164 4005 1351 4047 massa
1391 3986 1617 4068 lapidea
1657 4006 1802 4064 quae
1844 3985 2056 4046 caulem
2100 3985 2408 4047 circumdat
2446 3987 2602 4068 ains

511 4087 703 4147 ciatur.
